@online{lumi,
	author = {CERN},
	ALTeditor = {editor},
	title = {Concept of luminosity},
	OPTdate = {data},
	url = {https://cds.cern.ch/record/941318/files/p361.pdf},
	OPTsubtitle = {subtitle},
	OPTtitleaddon = {titleaddon},
	OPTlanguage = {language},
	OPTversion = {version},
	OPTnote = {note},
	OPTorganization = {organization},
	OPTdate = {date},
	month = {March},
	year = {2017},
	OPTaddendum = {addendum},
	OPTpubstate = {pubstate},
	urldate = {3/17/2017},
}

@online{perfsonar,
	author = {perfSonar},
	ALTeditor = {editor},
	title = {perfSonar motivation},
	OPTdate = {data},
	url = {https://opensciencegrid.github.io/networking/perfsonar-in-osg/},
	OPTsubtitle = {subtitle},
	OPTtitleaddon = {titleaddon},
	OPTlanguage = {language},
	OPTversion = {version},
	OPTnote = {note},
	OPTorganization = {organization},
	OPTdate = {date},
	month = {March},
	year = {2017},
	OPTaddendum = {addendum},
	OPTpubstate = {pubstate},
	urldate = {3/17/2017},
}

@online{wlcg,
	ALTauthor = {author},
	ALTeditor = {editor},
	title = {Worldwide LHC Computing Grid},
	OPTdate = {date},
	url = {http://wlcg.web.cern.ch/},
	OPTsubtitle = {subtitle},
	OPTtitleaddon = {titleaddon},
	OPTlanguage = {language},
	OPTversion = {version},
	OPTnote = {note},
	OPTorganization = {organization},
	OPTdate = {date},
	OPTmonth = {month},
	OPTyear = {year},
	OPTaddendum = {addendum},
	OPTpubstate = {pubstate},
	OPTurldate = {urldate},
}

@online{shawn,
	author = {Shawn McKee},
	ALTeditor = {editor},
	title = {WLCG Network Monitoring using perfSONAR-PS},
	OPTdate = {4/17/2013},
	url = {https://indico.cern.ch/event/220443/contributions/454350/attachments/357985/498493/HEPiX-Bologna-perfsonar-mckee.pdf},
	OPTsubtitle = {subtitle},
	OPTtitleaddon = {titleaddon},
	OPTlanguage = {language},
	OPTversion = {version},
	OPTnote = {note},
	OPTorganization = {organization},
	OPTdate = {date},
	month = {April},
	year = {2013},
	OPTaddendum = {addendum},
	OPTpubstate = {pubstate},
	urldate = {2017},
}
@online{brian,
	author = {Brian Bockelman},
	ALTeditor = {editor},
	title = {cms-htcondor-es},
	OPTdate = {date},
	url = {https://github.com/bbockelm/cms-htcondor-es},
	OPTsubtitle = {subtitle},
	OPTtitleaddon = {titleaddon},
	OPTlanguage = {language},
	OPTversion = {version},
	OPTnote = {note},
	OPTorganization = {organization},
	OPTdate = {date},
	month = {September},
	year = {2016},
	OPTaddendum = {addendum},
	OPTpubstate = {pubstate},
	urldate = {March 2017},
}

@manual{condor,
	ALTauthor = {author},
	ALTeditor = {editor},
	title = {HTCondor},
	date = {3/13/2017},
	OPTsubtitle = {subtitle},
	OPTtitleaddon = {titleaddon},
	OPTlanguage = {language},
	OPTedition = {edition},
	OPTtype = {type},
	OPTseries = {series},
	OPTnumber = {number},
	OPTversion = {version},
	OPTnote = {note},
	OPTorganization = {organization},
	OPTpublisher = {publisher},
	OPTlocation = {location},
	OPTisbn = {isbn},
	OPTchapter = {chapter},
	OPTpages = {pages},
	OPTpagetotal = {pagetotal},
	OPTaddendum = {addendum},
	OPTpubstate = {pubstate},
	OPTdoi = {doi},
	OPTeprint = {eprint},
	OPTeprintclass = {eprintclass},
	OPTeprinttype = {eprinttype},
	url = {http://research.cs.wisc.edu/htcondor/manual/},
	OPTurldate = {urldate},
}
@online{crab,
	author = {CERN, collaboration},
	ALTeditor = {editor},
	title = {CMS distributed data analysis with CRAB3},
	OPTdate = {date},
	url = {http://iopscience.iop.org/article/10.1088/1742-6596/664/6/062038/pdf},
	OPTsubtitle = {subtitle},
	OPTtitleaddon = {titleaddon},
	OPTlanguage = {language},
	OPTversion = {version},
	OPTnote = {note},
	OPTorganization = {organization},
	OPTdate = {date},
	OPTmonth = {month},
	year = {2015},
	OPTaddendum = {addendum},
	OPTpubstate = {pubstate},
	OPTurldate = {urldate},
}

